2376 4036
335 171 420 233 90
599 149 760 213 ,DE
820 149 1213 210 BELLo
1270 147 1825 210 GALL1co

421 274 560 336 XL.
603 274 810 341 Caesar,
849 272 1080 337 confilio
1101 275 1223 350 ejus
1250 275 1497 348 probato
1508 296 1526 344 3
1558 273 1677 343 etfi,
1708 275 1977 351 opinione
2012 297 2101 332 nr·

339 356 642 437 legionum
669 356 936 431 dejectus,
979 354 1055 411 ad
1087 373 1130 410 n
1164 355 1440 425 redierat;
1484 369 1681 414 tamen
1710 374 1897 414 unum
1926 373 2089 420 com-

341 437 536 497 munis
575 434 766 496 salutis
809 432 1088 492 auxilium
1117 433 1176 492 in
1218 431 1507 492 celeritate
1556 438 1824 510 ponebat.
1908 435 2089 494 Venit

344 518 574 598 magnis
603 513 896 574 itineribus
926 513 984 571 in
1013 513 1367 578 Nerviorum
1406 515 1565 574 fines.
1632 516 1720 574 Ibi
1751 537 1817 574 ex
1848 515 2095 590 captivis

346 597 660 678 cognoscit,
689 613 814 668 quae
842 595 996 670 apud
1027 595 1371 654 Ciceronem
1396 609 1705 676 geramum
1748 610 2091 671 quantoque

347 677 408 736 in
428 673 684 753 periculo
709 694 800 735 res
830 673 916 732 fit.
999 673 1163 732 Tum
1204 676 1437 738 cuidam
1475 696 1542 734 ex
1570 676 1859 751 equitibus
1902 675 2097 736 Gallis

346 756 576 837 magnis
597 754 843 832 praemiis
870 753 1193 829 persuadet,
1220 757 1307 813 uti
1328 755 1405 814 ad
1432 756 1771 816 Ciceronem
1794 755 2097 831 epistolam

349 836 592 898 deferat.
657 835 835 896 Hanc
864 834 1082 894 Graecis
1110 835 1491 910 conscriptam
1517 835 1720 895 litteris
1742 837 1951 905 mittit3
1993 855 2096 904 ne,

253 957 279 984 .·
349 913 668 993 intercepta
695 913 950 992 epistola,
977 913 1168 974 nostra
1209 919 1283 974 ab
1308 915 1559 976 hostibus
1602 915 1834 974 consilia
1873 935 2093 995 cogno-

351 999 618 1058 scantur..
667 995 728 1056 Si
755 995 915 1054 adire
943 1015 1060 1053 non
1080 993 1271 1070 poffit:
1304 1009 1503 1056 monet
1524 1011 1591 1056 ut
1610 995 1928 1076 tragulam,
1956 1015 2111 1054 cum·

353 1075 587 1154 epistola
615 1077 693 1136 ad
713 1088 1014 1136 amentum
1036 1073 1311 1154 deligata,
1341 1077 1492 1136 intra
1518 1077 1865 1136 munitiones
1887 1075 2102 1134 castro·

253 1217 258 1222 .
353 1178 489 1218 rum
518 1157 770 1233 adjiciat.
856 1157 928 1214 In
952 1155 1155 1213 litteris
1182 1156 1392 1226 scribit,
1438 1165 1477 1194 “
1499 1158 1553 1216 se
1594 1177 1729 1215 cum
1772 1156 2099 1235 legionibus

357 1236 678 1315 profeeium
719 1234 979 1294 celeriter
1018 1235 1272 1294 affore:''
1302 1237 1589 1307 hortatur,
1651 1247 1690 1274 ‘⁴
1712 1253 1777 1296 ut
1806 1236 2115 1312 pristinam·
2166 1226 2177 1233 ⁹

358 1318 638 1376 virtutem
657 1316 964 1376 retineat.'’
1007 1316 1238 1383 Gallus,
1266 1316 1585 1392 periculum
1616 1319 1858 1386 veritus;
1890 1330 1955 1373 ut
1976 1329 2107 1376 erat.

360 1410 733 1475 praeceptum,
763 1396 1055 1476 tragulam
1077 1396 1276 1454 mittit.
1338 1397 1485 1456 Haec
1504 1398 1633 1456 casu
1655 1399 1727 1456 ad
1760 1396 1965 1455 turrim
1994 1397 2114 1452 ad·-

360 1479 544 1545 haesit3
575 1496 760 1552 neque
783 1479 856 1534 ab
884 1474 1084 1534 nostris
1109 1476 1289 1535 biduo
1318 1478 1741 1545 animadversa;
1785 1477 1955 1535 tertio
1984 1476 2101 1544 die,

362 1559 398 1618 a
419 1559 679 1634 quodam
705 1556 886 1615 milite
910 1556 1281 1630 conspicitur3
1325 1556 1585 1631 dempta,
1633 1559 1709 1616 ad
1738 1558 2105 1626 Ciceronem,

369 1639 643 1700 defertur.
729 1636 836 1696 Ille
863 1636 1170 1712 perlectam
1199 1638 1257 1695 in
1286 1651 1571 1696 conventu
1600 1637 1851 1696 militum
1879 1637 2107 1704 recitat,

369 1716 738 1792 maximaque
761 1737 960 1775 omnes
980 1715 1173 1775 laetitia
1202 1719 1395 1775 afficit.
1457 1718 1617 1776 Tum
1637 1717 1785 1774 fumi
1812 1716 2107 1774 incendio-

367 1819 505 1860 rum
526 1797 728 1874 procul
754 1799 1125 1855 videbantur:
1159 1816 1284 1870 quae
1306 1817 1393 1858 res
1422 1797 1659 1855 omnem
1687 1797 2124 1856 dubitationem.

369 1875 648 1940 adventus
668 1877 967 1954 legionum
995 1875 1231 1951 expulit.

457 1957 630 2017 XLI.
673 1953 855 2026 Galli,
875 1975 936 2014 re
959 1953 1191 2037 cognita
1212 1975 1314 2032 per
1334 1953 1738 2031 exploratores,
1760 1955 2116 2016 obsidionem

372 2039 740 2113 relinquunt3
783 2038 858 2096 ad
887 2039 1166 2097 Caesarem
1208 2038 1474 2096 omnibus
1517 2038 1693 2113 copiis
1735 2039 2115 2095 contendunt.

379 2120 480 2179 Eae
509 2132 692 2188 erant,
721 2130 1097 2196 armatorum,
1113 2117 1338 2195 circiter
1366 2117 1547 2177 millia
1578 2138 1675 2175 tx.
1745 2117 1947 2176 Cicero
1977 2114 2117 2175 data

377 2199 674 2267 facultate,
697 2197 944 2258 Gallum
963 2200 1038 2255 ab
1054 2198 1269 2256 eodum
1291 2198 1618 2265 Verticone,
1637 2216 1811 2272 quem
1829 2195 1993 2273 supr'a
2012 2198 2131 2255 de--

377 2279 846 2347 monstravimm,
865 2278 1101 2353 repetit3
1124 2278 1225 2352 qui
1245 2278 1461 2337 litteras
1480 2280 1554 2335 ad
1576 2279 1853 2337 Caesarem
1874 2276 2113 2337 deferat.

381 2358 565 2420 Hunc
593 2358 891 2424 admonet,
927 2358 1034 2413 iter
1059 2354 1229 2415 caute
1257 2358 1355 2413 dili
1403 2372 1674 2430 enterque
1701 2358 1893 2417 faciat.
1978 2358 2117 2416 Per-

379 2439 571 2498 scribit
591 2438 650 2495 in
673 2435 906 2503 litteris3
953 2444 994 2471 “
1013 2434 1199 2493 hostes
1228 2438 1303 2495 ab
1341 2378 1400 2493 ἰξ
1424 2435 1723 2505 diseeffiss'e,
1764 2456 2121 2512 omnemque

384 2519 461 2577 ad
483 2536 618 2575 eum
639 2514 1072 2575 multitudinem
1095 2515 1488 2575 convertiffe.”
1528 2517 1761 2601 Qibus
1786 2518 1989 2577 litteris
2010 2519 2121 2577 cir-

386 2597 528 2657 citer
567 2591 760 2655 medii
800 2598 960 2653 nocie
989 2596 1172 2655 Caesar
1220 2594 1428 2665 allatis,
1464 2598 1593 2655 suos
1630 2595 1771 2657 sacit
1810 2600 2075 2657 certiores
2100 2620 2125 2669 3

385 2678 596 2753 eosque
623 2676 698 2735 ad
719 2675 1116 2735 dimicandum
1138 2674 1335 2737 animo
1363 2676 1685 2755 confirmat.
1752 2678 1981 2737 Postero
2008 2680 2125 2749 die,

381 2756 513 2819 luce
534 2754 742 2832 primii,
771 2769 970 2815 movet
987 2754 1197 2815 eastra:
1232 2770 1308 2825 et,
1331 2758 1554 2817 circiter
1575 2758 1757 2817 millia
1773 2757 2030 2833 passuum
2056 2776 2123 2817 xv

383 2858 493 2915 pro
537 2835 736 2906 ressus;
777 2849 936 2895 trans
963 2835 1176 2897 vallem
1216 2856 1497 2917 magnam
1524 2851 1581 2895 et
1620 2838 1832 2905 rivum,
1873 2838 2127 2898 hostium

388 2858 824 2977 muftitudinem
832 2917 1207 2991 conspicatur.
1238 2917 1383 2975 Erat
1392 2917 1592 2997 magni
1610 2919 1845 2991 periculi
1862 2939 1971 2986 res,
1982 2938 2133 2977 cum·v

391 2999 570 3057 tantis
589 2996 763 3071 copiis
793 2996 990 3071 iniquo
1009 2994 1139 3053 loco
1167 2996 1470 3056 dimicare:
1508 3010 1637 3056 tum
1678 2998 1959 3073 quoniam
1984 2998 2127 3057 libe-

391 3093 590 3137 ratum
611 3074 900 3135 obsidione
936 3076 1277 3135 Ciceronem
1302 3077 1531 3147 sciebat,
1560 3096 1745 3153 eoque
1772 3079 2021 3151 omn-ino·
2038 3099 2128 3137 reae

393 3157 748 3217 mittendum
765 3155 1141 3215 de.celeritate
1157 3156 1529 3223 existimabat,
1552 3160 1830 3217 consedit:
1854 3172 1931 3225 et,
1949 3155 2133 3231 qu'am

396 3234 705 3309 aequissimo
725 3235 855 3294 loco
881 3235 1082 3311 potest,
1123 3236 1305 3296 castra
1344 3239 1686 3295 communit.
1754 3239 1959 3313 Atque
1986 3238 2163 3309 hm„-
2198 3303 2207 3309 ,

395 3315 497 3375 etii
519 3329 682 3375 erant
701 3315 908 3395 erigut
925 3334 1028 3391 per
1043 3317 1119 3383 se,
1139 3317 1233 3375 rix
1254 3316 1558 3376 hominum
1576 3317 1825 3375 millium
1844 3340 1955 3385 vn,
1986 3337 2131 3392 prae-

395 3395 606 3459 sertim
631 3394 804 3453 nullis
827 3414 964 3455 eum
993 3396 1449 3471 impedimentis;
1488 3412 1683 3455 tamen
1712 3398 1983 3476 angustiis
2010 3400 2133 3455 via-

399 3496 555 3545 rum,
585 3471 760 3549 quam
778 3472 1027 3533 maxime
1046 3474 1248 3549 potest,
1268 3477 1585 3539 contrahit».
1617 3498 1687 3535 eo
1702 3476 1957 3545 consiliu,
1984 3490 2051 3535 ut
2072 3478 2133 3537 in

399 3558 689 3618 summam
709 3555 1197 3631 contemptionem
1218 3555 1471 3619 hostibus
1492 3556 1703 3617 veniat.
1746 3558 1991 3619 Interim
2008 3558 2131 3635 spe.
